<record><leader>00000cas a22000007a 4500</leader><controlfield tag="001">22417185</controlfield><controlfield tag="008">900921d19251927maudn ne      0    0eng d</controlfield><datafield ind1=" " ind2=" " tag="010"><subfield code="a">sn 89062480 </subfield></datafield><datafield ind1=" " ind2=" " tag="040"><subfield code="a">MGN</subfield><subfield code="b">eng</subfield><subfield code="c">MGN</subfield><subfield code="d">OCLCQ</subfield></datafield><datafield ind1=" " ind2=" " tag="042"><subfield code="a">msc</subfield></datafield><datafield ind1="0" ind2=" " tag="130"><subfield code="a">Quincy telegram (Quincy, Mass. : 1925)</subfield></datafield><datafield ind1="1" ind2="0" tag="245"><subfield code="a">Quincy telegram.</subfield></datafield><datafield ind1=" " ind2=" " tag="260"><subfield code="a">Quincy, Mass. :</subfield><subfield code="b">[s.n.]</subfield></datafield><datafield ind1=" " ind2=" " tag="300"><subfield code="a">v.</subfield></datafield><datafield ind1=" " ind2=" " tag="310"><subfield code="a">Daily (except Sun.)</subfield></datafield><datafield ind1="0" ind2=" " tag="362"><subfield code="a">17th year, no. 5042 (Nov. 21, 1925)-18th year, no. 5291 (Feb. 12, 1927).</subfield></datafield><datafield ind1=" " ind2=" " tag="752"><subfield code="a">United States</subfield><subfield code="b">Massachusetts</subfield><subfield code="c">Norfolk</subfield><subfield code="d">Quincy.</subfield></datafield><datafield ind1="0" ind2="0" tag="780"><subfield code="t">Quincy evening telegram</subfield><subfield code="w">(DLC)sn 89062479</subfield></datafield><datafield ind1="0" ind2="4" tag="785"><subfield code="t">Quincy patriot ledger</subfield><subfield code="w">(DLC)sn 89062493</subfield></datafield></record>